<?xml version="1.0" encoding="UTF-8"?><collection xmlns="http://www.loc.gov/MARC21/slim"><record><leader>00610nam--2200205-i-4500</leader><controlfield tag="001">000027630</controlfield><controlfield tag="002">20161230</controlfield><controlfield tag="005">20161230201036</controlfield><controlfield tag="008">060222s1000------------r-----000-0-rum-d</controlfield><datafield ind1=" " ind2=" " tag="040"><subfield code="a">IFIN-HH</subfield></datafield><datafield ind1=" " ind2=" " tag="041"><subfield code="a">rum</subfield></datafield><datafield ind1=" " ind2=" " tag="080"><subfield code="a">531.01:530.1</subfield></datafield><datafield ind1="1" ind2=" " tag="100"><subfield code="a">Landau, L. D</subfield></datafield><datafield ind1="1" ind2="0" tag="245"><subfield code="a">Mecanica</subfield><subfield code="b">Lucrare din seria fizica teoretica distinsa cu permiul lenin pe anul 1962</subfield><subfield code="c">L.D. Landau, E.M. Lifsit</subfield></datafield><datafield ind1=" " ind2=" " tag="260"><subfield code="a">Bucuresti, Editura Tehnica, 1966,</subfield></datafield><datafield ind1=" " ind2=" " tag="300"><subfield code="a">228P</subfield></datafield><datafield ind1=" " ind2=" " tag="500"><subfield code="a">Traducere din limba rusa dupa editia a doua revazuta</subfield></datafield><datafield ind1=" " ind2=" " tag="700"><subfield code="a">Lifsit, E.M</subfield></datafield><datafield ind1=" " ind2=" " tag="852"><subfield code="a">75345</subfield><subfield code="c">531</subfield></datafield><datafield ind1=" " ind2=" " tag="CAT"><subfield code="a">Sys</subfield><subfield code="c">20100707</subfield><subfield code="h">103116</subfield></datafield></record></collection>